
@book{hookePosthumousWorksRobert1705,
  title = {The Posthumous Works of {{Robert Hooke}}: {{With}} a New Introduction by {{Richard S}}. {{Westfall}}},
  author = {Hooke, Robert},
  date = {1705},
  publisher = {{New York: Johnson Reprint Corp}},
  display = {An early memory theory},
  popup = {This is a thing}
}


