@Book{bashfordOxfordHandbookHistory2010,
  Editor = {Bashford, Alison and Levine, Philippa},
  Publisher = {{Oxford University Press}},
  Title = {The {{Oxford Handbook}} of the {{History}} of {{Eugenics}}},
  Date = {2010-09-24},
  Doi = {10.1093/oxfordhb/9780195373141.001.0001},
  Url = {https://www.oxfordhandbooks.com/view/10.1093/oxfordhb/9780195373141.001.0001/oxfordhb-9780195373141},
  Urldate = {2020-07-07},
  Abstract = {"The Oxford Handbook of the History of Eugenics" published on  by Oxford University Press.},
  Langid = {american},
  File = {/Users/mattcrump/Zotero/storage/XYI55PXG/oxfordhb-9780195373141.html},
  Isbn = {978-0-19-994041-7}
}


@Book{kaminSciencePoliticsIQ1974,
  Author = {Kamin, Leon J.},
  Publisher = {{Psychology Press}},
  Title = {The Science and Politics of {{IQ}}},
  Date = {1974},
  File = {/Users/mattcrump/Zotero/storage/2KS6JM7D/books.html}
}


@Book{seldenInheritingShameStory1999,
  Author = {Selden, Steven},
  Publisher = {{Teachers College Press}},
  Title = {Inheriting Shame: {{The}} Story of Eugenics and Racism in {{America}}},
  Shorttitle = {Inheriting Shame},
  Date = {1999},
  File = {/Users/mattcrump/Zotero/storage/TMSQA62L/546347.html},
  Keywords = {â›” No DOI found},
  Location = {{New York and London}}
}


@Article{williamsHistoryAssociationBlack1974,
  Author = {Williams, Robert},
  Number = {1},
  Pages = {9--24},
  Title = {A {{History}} of the {{Association}} of {{Black Psychologists}}: {{Early Formation}} and {{Development}}},
  Volume = {1},
  Shorttitle = {A {{History}} of the {{Association}} of {{Black Psychologists}}},
  Date = {1974-08},
  Journaltitle = {Journal of Black Psychology},
  Shortjournal = {Journal of Black Psychology},
  Issn = {0095-7984, 1552-4558},
  Doi = {10/gg3hq4},
  Url = {http://journals.sagepub.com/doi/10.1177/009579847400100102},
  Urldate = {2020-06-29},
  Langid = {english},
  File = {/Users/mattcrump/Zotero/storage/B2ASVLSI/Williams - 1974 - A History of the Association of Black Psychologist.pdf}
}


@Book{yakushkoScientificPollyannaismInquisition2019,
  Author = {Yakushko, Oksana},
  Publisher = {{Springer International Publishing}},
  Title = {Scientific {{Pollyannaism}}: {{From Inquisition}} to {{Positive Psychology}}},
  Shorttitle = {Scientific {{Pollyannaism}}},
  Date = {2019},
  Doi = {10.1007/978-3-030-15982-5},
  Url = {http://link.springer.com/10.1007/978-3-030-15982-5},
  Urldate = {2020-07-20},
  Langid = {english},
  File = {/Users/mattcrump/Zotero/storage/3LIB7WMK/Yakushko - 2019 - Scientific Pollyannaism From Inquisition to Posit.pdf},
  Isbn = {978-3-030-15981-8 978-3-030-15982-5},
  Location = {{Cham}}
}
