@article{kanwisher1987repetition,
  title={Repetition blindness: Type recognition without token individuation},
  author={Kanwisher, Nancy G},
  journal={Cognition},
  volume={27},
  number={2},
  pages={117--143},
  year={1987},
  publisher={Elsevier}
}
