@Book{bashfordOxfordHandbookHistory2010,
  Editor = {Bashford, Alison and Levine, Philippa},
  Journal = {The Oxford Handbook of the History of Eugenics},
  Month = {},
  Publisher = {{Oxford University Press}},
  Title = {The {{Oxford Handbook}} of the {{History}} of {{Eugenics}}},
  Year = {2010},
  Doi = {10.1093/oxfordhb/9780195373141.001.0001},
  Abstract = {"The Oxford Handbook of the History of Eugenics" published on  by Oxford University Press.},
  Langid = {american},
  File = {/Users/mattcrump/Zotero/storage/XYI55PXG/oxfordhb-9780195373141.html},
  Isbn = {978-0-19-994041-7}
}


@Book{kaminSciencePoliticsIQ1974,
  Author = {Kamin, Leon J.},
  Publisher = {{Psychology Press}},
  Title = {The {{Science}} and {{Politics}} of {{IQ}}},
  Year = {1974},
  File = {/Users/mattcrump/Zotero/storage/2KS6JM7D/books.html}
}


@Book{kuhlBettermentRaceRise2013,
  Author = {K{\"u}hl, S},
  Publisher = {{Palgrave Macmillan}},
  Title = {For the {{Betterment}} of the {{Race}} - {{The Rise}} and {{Fall}} of the {{International Movement}} for {{Eugenics}} and {{Racial Hygiene}}},
  Year = {2013},
  File = {/Users/mattcrump/Zotero/storage/BJ9LTPBL/Kühl - 2013 - For the Betterment of the Race - The Rise and Fall.pdf;/Users/mattcrump/Zotero/storage/BNNWCF8I/9781137286116.html}
}


@Book{seldenInheritingShameStory1999,
  Address = {{New York and London}},
  Author = {Selden, Steven},
  Publisher = {{Teachers College Press}},
  Title = {Inheriting {{Shame}}: {{The Story}} of {{Eugenics}} and {{Racism}} in {{America}}},
  Year = {1999},
  Shorttitle = {Inheriting Shame},
  File = {/Users/mattcrump/Zotero/storage/TMSQA62L/546347.html},
  Keywords = {⛔ No DOI found}
}


@Misc{sshrccEugenicsArchives,
  Author = {SSHRCC},
  Howpublished = {https://eugenicsarchive.ca/},
  Title = {The {{Eugenics Archives}}},
  File = {/Users/mattcrump/Zotero/storage/4GNYS5QE/eugenicsarchive.ca.html}
}


@Book{tuckerFundingScientificRacism2002,
  Author = {Tucker, William H.},
  Publisher = {{University of Illinois Press}},
  Title = {The {{Funding}} of {{Scientific Racism}}: {{Wickliffe Draper}} and the {{Pioneer Fund}}.},
  Year = {2002},
  Shorttitle = {The Funding of Scientific Racism},
  File = {/Users/mattcrump/Zotero/storage/WQEB9I39/2002-17982-000.html}
}


@Article{williamsHistoryAssociationBlack1974,
  Author = {Williams, Robert},
  Journal = {Journal of Black Psychology},
  Month = {},
  Number = {1},
  Pages = {9--24},
  Title = {A {{History}} of the {{Association}} of {{Black Psychologists}}: {{Early Formation}} and {{Development}}},
  Volume = {1},
  Year = {1974},
  Shorttitle = {A {{History}} of the {{Association}} of {{Black Psychologists}}},
  Issn = {0095-7984, 1552-4558},
  Doi = {10/gg3hq4},
  Langid = {english},
  File = {/Users/mattcrump/Zotero/storage/B2ASVLSI/Williams - 1974 - A History of the Association of Black Psychologist.pdf}
}


@Book{wilsonEugenicMindProject2017,
  Author = {Wilson, Robert A.},
  Publisher = {{MIT Press}},
  Title = {The {{Eugenic Mind Project}}},
  Year = {2017},
  File = {/Users/mattcrump/Zotero/storage/4NCTLXPA/Wilson - 2017 - The eugenic mind project.pdf;/Users/mattcrump/Zotero/storage/9GG98F9N/books.html}
}


@Book{yakushkoScientificPollyannaismInquisition2019,
  Address = {{Cham}},
  Author = {Yakushko, Oksana},
  Publisher = {{Springer International Publishing}},
  Title = {Scientific {{Pollyannaism}}: {{From Inquisition}} to {{Positive Psychology}}},
  Year = {2019},
  Shorttitle = {Scientific {{Pollyannaism}}},
  Doi = {10.1007/978-3-030-15982-5},
  Langid = {english},
  File = {/Users/mattcrump/Zotero/storage/3LIB7WMK/Yakushko - 2019 - Scientific Pollyannaism From Inquisition to Posit.pdf},
  Isbn = {978-3-030-15981-8 978-3-030-15982-5}
}
